@misc{UMLorg,
    author = {{UML Organization}},
    title = {{Unified Modeling Language}},
    howpublished = {\url{http://uml.org/}},
    note = {Accessed: November 7, 2023}
}

@misc{base-de-donnees,
    author = {{Base-de-donnees.com}},
    title = {{Base-de-donnees.com}},
    howpublished = {\url{https://www.base-de-donnees.com/merise/}},
    note = {Accessed: November 7, 2023}
}

@misc{oracleDB,
    author = {{Oracle}},
    title = {{Oracle Database: Système de Gestion de Base de Données (SGBD) - Définition}},
    howpublished = {\url{https://www.oracle.com/fr/database/systeme-gestion-base-de-donnees-sgbd-definition/}},
    note = {Accessed: November 7, 2023}
}

@misc{mysql,
    author = {{MySQL}},
    title = {{MySQL}},
    howpublished = {\url{https://www.mysql.com/fr/}},
    note = {Accessed: November 7, 2023}
}

@misc{django,
    author = {{Django Software Foundation}},
    title = {{Django}},
    howpublished = {\url{https://www.djangoproject.com/}},
    note = {Accessed: November 7, 2023}
}

@misc{spacy,
    author = {{Explosion AI}},
    title = {{spaCy}},
    howpublished = {\url{https://spacy.io/}},
    note = {Accessed: November 7, 2023}
}

@misc{nltk,
    author = {{NLTK Project}},
    title = {{NLTK}},
    howpublished = {\url{https://www.nltk.org/}},
    note = {Accessed: November 7, 2023}
}

@misc{numpy,
    author = {{NumPy Community}},
    title = {{NumPy}},
    howpublished = {\url{https://numpy.org/}},
    note = {Accessed: November 7, 2023}
}

@misc{scikit-learn,
    author = {{scikit-learn contributors}},
    title = {{scikit-learn}},
    howpublished = {\url{https://scikit-learn.org/}},
    note = {Accessed: November 7, 2023}
}

@misc{pdfplumber,
    author = {{JSvine}},
    title = {{pdfplumber}},
    howpublished = {\url{https://github.com/jsvine/pdfplumber}},
    note = {Accessed: November 7, 2023}
}

@Manual{python,
    title = {Python Documentation},
    author = {{Python Software Foundation}},
    year = {2023},
    url = {https://www.python.org/},
    note = {Accessed: November 7, 2023}
}

@misc{vscode,
    author = {{Microsoft}},
    title = {{Visual Studio Code}},
    howpublished = {\url{https://code.visualstudio.com/}},
    note = {Accessed: November 7, 2023}
}

@misc{git,
    author = {{Git Community}},
    title = {{Git - version control system}},
    howpublished = {\url{https://git-scm.com/}},
    note = {Accessed: November 7, 2023}
}

@misc{github,
    author = {{GitHub}},
    title = {{GitHub}},
    howpublished = {\url{https://github.com/}},
    note = {Accessed: November 7, 2023}
}

@misc{fitz,
    title = {{PyMuPDF (fitz)}},
    howpublished = {\url{https://pymupdf.readthedocs.io/en/latest/index.html}},
    note = {Accessed: November 7, 2023}
}

@misc{spellchecker,
    title = {{Spellchecker}},
    howpublished = {\url{https://pypi.org/project/pyspellchecker/}},
    note = {Accessed: November 7, 2023}
}

@misc{mvcwiki,
    author = {{Wikipedia contributors}},
    title = {{Modèle-vue-contrôleur}},
    howpublished = {\url{https://fr.wikipedia.org/wiki/Modèle-vue-contrôleur}},
    note = {Accessed: November 7, 2023}
}
