@article{genetic-algorithm,
	title={Applying Genetic Algorithms to Information Retrieval Using Vector Space Model},
	author={Abualigah, Laith Mohammad Qasim and Hanandeh, Essam S.},
	journal={International Journal of Computer Science, Engineering and Applications (IJCSEA)},
	volume={5},
	number={1},
	year={2015},
	month={February},
	note={Available at SSRN: \url{https://ssrn.com/abstract=3872452}}
}

@article{vsm-for-arabic-language,
	added-at = {2018-08-13T00:00:00.000+0200},
	author = {Abu-Salih, Bilal},
	biburl = {https://www.bibsonomy.org/bibtex/2aa384dc4c52ef968442cc4a986801851/dblp},
	ee = {http://arxiv.org/abs/1801.03627},
	interhash = {548796d2630e7d4587cefb58459fbdcc},
	intrahash = {aa384dc4c52ef968442cc4a986801851},
	journal = {CoRR},
	keywords = {dblp},
	timestamp = {2018-08-14T11:53:05.000+0200},
	title = {Applying Vector Space Model (VSM) Techniques in Information Retrieval for Arabic Language.},
	url = {http://dblp.uni-trier.de/db/journals/corr/corr1801.html#abs-1801-03627},
	volume = {abs/1801.03627},
	year = 2018
}

@article{ir-on-web,
	title={Information Retrieval on the Web},
	author={Yang, Kiduk},
	journal={ACM Computing Surveys},
	year={2000},
	pages={n. pag.}
}

@article{evaluation-of-ir-system,
	author = {Blair, David C. and Maron, M. E.},
	title = {An Evaluation of Retrieval Effectiveness for a Full-Text Document-Retrieval System},
	year = {1985},
	issue_date = {March 1985},
	publisher = {Association for Computing Machinery},
	address = {New York, NY, USA},
	volume = {28},
	number = {3},
	issn = {0001-0782},
	url = {https://doi.org/10.1145/3166.3197},
	doi = {10.1145/3166.3197},
	abstract = {An evaluation of a large, operational full-text document-retrieval system (containing roughly 350,000 pages of text) shows the system to be retrieving less than 20 percent of the documents relevant to a particular search. The findings are discussed in terms of the theory and practice of full-text document retrieval.},
	journal = {Commun. ACM},
	month = {mar},
	pages = {289–299},
	numpages = {11}
}

@article{salton1989automatique,
	title={Traitement automatique de texte : la transformation, l'analyse et la récupération de l'information par un ordinateur},
	author={Salton, Gérard},
	journal={Lecture : Addison-Wesley},
	volume={169},
	year={1989}
}

@article{salton1990amélioration,
	title={Améliorer les performances de récupération par un retour de pertinence},
	author={Salton, Gérard et Buckley, Chris},
	journal={Journal de la société américaine des sciences de l'information},
	volume={41},
	number={4},
	pages={288--297},
	year={1990},
	publisher={Bibliothèque en ligne Wiley}
}

@article{salton1988term,
	title={Approches de pondération des termes dans la récupération automatique de texte},
	author={Salton, Gérard et Buckley, Christopher},
	journal={{Traitement de l'information \& gestion}},
	volume={24},
	number={5},
	pages={513--523},
	year={1988},
	editor={Elsevier}
}

@article{salton1975vector,
	title={Un modèle d'espace vectoriel pour l'indexation automatique},
	author={{Salton, Gerard et Wong, Anita et Yang, Chung-Shu}},
	journal={Communications de l'ACM},
	volume={18},
	number={11},
	pages={613--620},
	year={1975},
	editor={ACM New York, NY, États-Unis}
}

@article{salton1983étendu,
	title={Récupération d'informations booléennes étendues},
	author={Salton, Gerard et Fox, Edward A et Wu, Harry},
	journal={Communications de l'ACM},
	volume={26},
	number={11},
	pages={1022--1036},
	year={1983},
	editor={ACM New York, NY, États-Unis}
}

@article{recuperation-automatique-texte,
	title={Développements dans la récupération automatique de texte},
	author={Salton, Gérard},
	revue={science},
	volume={253},
	number={5023},
	pages={974--980},
	year={1991},
	publisher={Association américaine pour l'avancement des sciences}
}

@article{salton1997automatique,
	title={Structuration et résumé automatiques du texte},
	author={{Salton, Gerard et Singhal, Amit et Mitra, Mandar et Buckley, Chris}},
	journal={Traitement de l'information \& gestion},
	volume={33},
	number={2},
	pages={193--207},
	year={1997},
	editor={Elsevier}
}

@article{salton1968ordinateur,
	title={Évaluation informatique de l'indexation et du traitement de texte},
	author={Salton, Gérard et Lesk, Michael E},
	journal={Journal de l'ACM (JACM)},
	volume={15},
	number={1},
	pages={8--36},
	year={1968},
	editor={ACM New York, NY, États-Unis}
}

@article{dubin2004most,
	title={L'article le plus influent que Gerard Salton n'a jamais écrit},
	author={Dubin, David},
	year={2004},
	publisher={École supérieure de bibliothéconomie et des sciences de l'information.  Université de l'Illinois ~…}
}

@article{natural-language-processing-ai,
	title={Natural language processing},
	author={Chowdhary, KR1442 and Chowdhary, KR},
	journal={Fundamentals of artificial intelligence},
	pages={603--649},
	year={2020},
	publisher={Springer}
}

@article{natural-language-processing,
	title={Natural language processing},
	author={Liddy, Elizabeth D},
	year={2001}
}

@article{automatic-nlp,
	title={Traitement automatique du langage naturel pour l’extraction et la recherche d’informations},
	author={Tannier, Xavier},
	journal={Ecole Nationale Sup{\'e}rieure des Mines de Saint-Etienne},
	volume={16},
	pages={17},
	year={2006}
}