@book{model-ir,
	author = {Djoerd Hiemstra},
	keywords = {information ir lecture retrieval standard vorlesung},
	title = {Model de recherche d'information},
	year = 1999
}

@book{introduction-ir,
	author = {{Christopher D. Manning, Prabhakar Raghavan, Hinrich Schütze}},
	keywords = {information ir retrieval},
	title = {An Introduction to Information Retrieval},
	url = {http://www.informationretrieval.org/},
	year = 2009,
	publisher = {Cambridge University Press}
}

@book{modern-ir,
	added-at = {2009-04-16T13:18:33.000+0200},
	author = {Baeza-Yates, Ricardo A. and Ribeiro-Neto, Berthier A.},
	biburl = {https://www.bibsonomy.org/bibtex/216ab70975f635f8d72de82e2ef3ef9de/hotho},
	description = {dblp},
	interhash = {6f78177742b3c836218aacfc7fc4c43c},
	intrahash = {16ab70975f635f8d72de82e2ef3ef9de},
	isbn = {0-201-39829-X},
	keywords = {information ir lecture retrieval standard vorlesung},
	publisher = {ACM Press / Addison-Wesley},
	timestamp = {2009-04-16T13:18:33.000+0200},
	title = {Modern Information Retrieval},
	url = {http://www.ischool.berkeley.edu/~hearst/irbook/glossary.html},
	year = 1999
}

@book{boubee-tricot-2010,
	author = {Nicole Boubée and André Tricot},
	title = {Qu'est-ce que rechercher de l'information? Nouvelle édition},
	year = {2010},
	publisher = {Presses de l’enssib},
	address = {Villeurbanne},
	isbn = {9782375460412},
	url = {http://books.openedition.org/pressesenssib/799},
	note = {DOI: https://doi.org/10.4000/books.pressesenssib.799},
}

@book{handbook-nlp,
	title={Handbook for Natural Language Processing},
	author={{Dale, Robert et Moisl, Hermann et Somers, Harold}},
	annee={2000},
	editeur={Presse CRC}
}