@misc{ir-course,
	title={Information retrieval (IR)},
	author={{Dr. LOUNNAS Bilal}},
	year={2023},
	note={Coours de recherche d'information, Université Mohamed Boudiaf - M'Sila},
}

@misc{model-ri-cours,
	title = {Modèles en Recherche d'Information},
	author = {{A. Rozenknop}},
	year = {},
	note = {Cours Master Recherche Paris 13, Recherche et extraction d'information}
}

@online{evaluation-sri-cours,
    author = {Mohand Boughanem},
    title = {Evaluation des performances dans les SRI},
    year = {},
    url = {https://www.irit.fr/~Mohand.Boughanem/slides/RI/chap11-Evaluation.pdf},
}