@inproceedings{vinciarelli:hal-00111994,
  title       = {{Indexation de Documents Manuscrits Offline}},
  author      = {Vinciarelli, Alessandro},
  url         = {https://hal.science/hal-00111994},
  editor      = {Laurence Likforman-Sulem},
  publisher   = {{SDN06}},
  pages       = {49-53},
  year        = {2006},
  month       = Sep,
  pdf         = {https://hal.science/hal-00111994/file/article_74f.pdf},
  hal_id      = {hal-00111994},
  hal_version = {v1}
}

@inproceedings{kevers:hal-02454216,
  title       = {{Indexation semi-automatique de textes : th{\'e}saurus et transducteurs}},
  author      = {Kevers, Laurent},
  url         = {https://hal.science/hal-02454216},
  booktitle   = {{Sixi{\`e}me Conf{\'e}rence Francophone en Recherche d'Information et Applications (CORIA)}},
  address     = {Presqu'{\^I}le de Giens, France},
  year        = {2009},
  keywords    = {categorization ; supervised classification ; indexing ; thesaurus ; transducer ; cat{\'e}gorisation ; classification supervis{\'e}e ; indexation ; th{\'e}saurus ; transducteur},
  pdf         = {https://hal.science/hal-02454216/file/151.pdf},
  hal_id      = {hal-02454216},
  hal_version = {v1}
}

@inproceedings{indexation-appariement-documents,
	author = {Dramé, Khadim and Diop, Ibrahima and Faty, Lamine and ndoye, Birame},
	year = {2019},
	month = {07},
	pages = {},
	title = {Indexation et appariement de documents cliniques avec le modèle vectoriel}
}

@inproceedings{raciniseur-malagasy,
	TITLE = {{RFreeStem un raciniseur pour le malgache}},
	AUTHOR = {Andriamihasinoro, Andonirina and Mothe, Josiane and Coustie, Oihana and Teste, Olivier},
	URL = {https://univ-tlse2.hal.science/hal-03360868},
	BOOKTITLE = {{17{\`e}me conf{\'e}rence francophone en Recherche d'Information et Application (CORIA 2021)}},
	ADDRESS = {Grenoble, France},
	SERIES = {IRIT},
	PAGES = {1-10},
	YEAR = {2021},
	MONTH = Apr,
	KEYWORDS = {Information retrieval ; natural language processing ; stemmer ; stemming ; under-studied languages ; Malagasy ; Syst{\`e}mes d'information ; Recherche d'information ; Traitement automatique des langues naturelles ; Racinisation ; Raciniseur ; Langues peu outill{\'e}es ; Malgache Information systems},
	PDF = {https://univ-tlse2.hal.science/hal-03360868/file/RFreeStem%20un%20raciniseur%20pour%20le%20malgache.pdf},
	HAL_ID = {hal-03360868},
	HAL_VERSION = {v1},
}

@inproceedings{thesaurus-ir-web,
	title = {Construction et utilisation d'un thésaurus pour la recherche d'information sur le web},
	type = {inproceedings},
	year = {2009},
	keywords = {Information Literacy},
	id = {5bdc97e9-d4fa-3216-b30a-6ef213397d3a},
	created = {2018-04-03T21:38:35.210Z},
	file_attached = {false},
	profile_id = {3f3cebd9-2c9e-33e2-9759-3b3c3deedc23},
	last_modified = {2020-05-30T20:55:30.709Z},
	read = {false},
	starred = {false},
	authored = {true},
	confirmed = {true},
	hidden = {false},
	citation_key = {bellaouar_construction_2009},
	source_type = {inproceedings},
	private_publication = {false},
	bibtype = {inproceedings},
	author = {Bellaouar, Slimane and Djoudi, Mahieddine and Zidat, Samir},
	booktitle = {Conférence Internationale des Technologies de l'Information et de la Communication, CITIC'09, Sétif, Algérie}
}

@inproceedings{introduction-automatic-nlp,
	title={Une petite introduction au traitement automatique des langues naturelles},
	author={Yvon, François},
	booktitle={Conference on Knowledge discovery and data mining},
	pages={27--36},
	year={2010}
}