@journal{vsm,
	author = {Singh, Vaibhav and Singh, Vinay},
	year = {2022},
	month = {07},
	pages = {},
	title = {VECTOR SPACE MODEL: AN INFORMATION RETRIEVAL SYSTEM}
}

@journal{classification-text-documents,
	author = {B S Harish, D S Guru, S Manjunath},
	year = {2010},
	month = {07},
	pages = {},
	title = {Representation and Classification of Text Documents: A Brief Review}
}

@journal{classification-text-documents-ml,
	author = {R Manikandan, Dr. R Sivakumar},
	year = {2018},
	month = {3},
	pages = {},
	title = {Machine learning algorithms for text-documents classification: A review}
}

@journal{art-nlp,
	author = {Andrea Ferrario, Mara NÃ¤gelin},
	year = {2020},
	month = {1},
	pages = {},
	title = {The Art of Natural Language Processing: Classical, Modern and Contemporary Approaches to Text Document Classification}
}