@mastersthesis{sarch-engine-vsm,
	author = {SAADOUNE, Billal},
	title = {Development of search engine based on vector space model},
	school = {UNIVERSITY OF MOHAMED BOUDIAF - M’SILA},
	year = 2018,
	url={http://dspace.univ-msila.dz:8080//xmlui/handle/123456789/15946}
}

@mastersthesis{approche-semantique,
	author = {ZIANI, Chaima},
	title = {Réalisation d’un moteur de recherche avec une approche sémantique},
	school = {UNIVERSITY OF MOHAMED BOUDIAF - M’SILA},
	year = 2022,
	url={https://dspace.univ-bba.dz:443/xmlui/handle/123456789/3652}
}

@mastersthesis{modele-reformulation-requete,
	author = {A trouver},
	title = {Un modèle de reformulation des requêtes pour la recherche d’information sur le Web},
	school = {A trouver},
	year = 2022,
	url={https://dspace.univ-bba.dz:443/xmlui/handle/123456789/3652}
}