@phdthesis{paradis:tel-00005009,
    title               = {{Un mod{\`e}le d'indexation pour les documents textuels structur{\'e}s}},
    author              = {Paradis, Francois},
    url                 = {https://theses.hal.science/tel-00005009},
    hal_local_reference = {theses/1996/Paradis.Francois},
    school              = {{Universit{\'e} Joseph-Fourier - Grenoble I}},
    year                = {1996},
    month               = Nov,
    keywords            = {information retrieval ; indexing model ; theme extraction ; electronic representation of documents ; structured textual documents. ; recherche d'informations ; mod{\`e}le d'indexation ; extraction de th{\`e}mes ; repr{\'e}sentation {\'e}lectronique de documents ; documents textuels structur{\'e}s},
    type                = {Theses},
    pdf                 = {https://theses.hal.science/tel-00005009/file/tel-00005009.pdf},
    hal_id              = {tel-00005009},
    hal_version         = {v1}
}

@phdthesis{vsm-images,
    title               = {{Un modèle vectoriel relationnel de recherche d’information adapté aux images}},
    author              = {Jean Martinet},
    url                 = {},
    school              = {{Universit{\'e} Joseph-Fourier - Grenoble I}},
    year                = {2004},
    month               = Dec,
    keywords            = {Recherche d’Information, Indexation d’Images, Modèle Vectoriel, Graphe Conceptuel, Pondération, Évaluation},
    type                = {Theses},
    pdf                 = {}
}

@phdthesis{amelioration-ri-approche-semantique,
    author = {Mazari, Ahmed Cherif},
    title  = {Contribution à l’amélioration de la recherche d’information par utilisation des méthodes sémantiques: application à la langue arabe},
    year   = {2022},
    school = {Université de Mohamed Kheider Biskra}
}

@phdthesis{ri-sur-le-web,
    author      = {{Kien QUACHTAT}},
    title       = {Recherche d'information sur le WEB et moteurs de recherche: le cas des lycéens},
    type        = {Thèse de doctorat},
    institution = {Ecole normal supérieur de CACHAN},
    year        = {2012}
}

@phdthesis{construction-memoire-organisationnel-benayache,
    author = {Benayache, Ahcène},
    title  = {Construction d'une mémoire organisationnelle de formation et évaluation dans un contexte e-learning},
    year   = {2005},
    school = {Université de Technologie de Compiègne},
    note   = {Thèse de doctorat}
}

@phdthesis{mr-personalise-decentralise,
    url    = {http://www.theses.fr/2006PA112010},
    title  = {Moteur de recherche personnalisé et décentralisé},
    author = {{Dang Ngoc, Frédéric}},
    year   = {2006},
    pages  = {1 vol., 131 p.},
    note   = {Thèse de doctorat dirigée par Fraigniaud, Pierre Informatique Paris 11 2006},
    note   = {2006PA112010}
}

@phdthesis{j-velo:sys-user,
    url    = {},
    title  = {Interactions entre un utilisateur et un systeme informatique : application a un systeme d’e-administration},
    author = {{Jérôme VELO}},
    year   = {2009},
    note   = {Thèse de doctorat en cotutelle pour l’obtention du grade de docteur en informatique des universites de rouen et d’antananarivo},
    school = {Université d'Antananarivo}
}

@phdthesis{soulier2014:def-evaluation-modele,
    author   = {Laure Soulier},
    title    = {Définition et évaluation de modèles de recherche d’information collaborative basés sur les compétences de domaine et les rôles des utilisateurs},
    school   = {Université de Toulouse},
    year     = {2014},
    language = {Français},
    note     = {ffNNT: ff. fftel-01110721f},
    url      = {https://tel.archives-ouvertes.fr/tel-01110721/document}
}