@online{oracle-database,
  author       = "{Oracle}",
  title        = "{What is Database}",
  year         = {2023},
  url          = {https://www.oracle.com/fr/database/what-is-database/},
  urldate      = {03/08/2023},
}

@online{wiki-database,
  author       = "{Wikipedia}",
  title        = "{Base de données}",
  year         = {2023},
  url          = {https://fr.wikipedia.org/wiki/Base_de_donn%C3%A9es},
  urldate      = {03/08/2023},
}

@online{lebigdata,
  author       = "{LeBigData}",
  title        = "{Base de données}",
  year         = {2023},
  url          = {https://www.lebigdata.fr/base-de-donnees},
  urldate      = {03/08/2023},
}

@online{mdn-search-engine,
  author       = "{Mozilla Developer Network}",
  title        = "{Search Engine}",
  year         = {2023},
  url          = {https://developer.mozilla.org/fr/docs/Glossary/Search_engine},
  urldate      = {03/08/2023},
}

@online{jdn-moteur-de-recherche,
  author       = "{Journal du Net}",
  title        = "{Moteur de recherche : définition, traduction et acteurs}",
  year         = {2023},
  url          = {https://www.journaldunet.fr/web-tech/dictionnaire-du-webmastering/1203539-moteur-de-recherche-definition-traduction-et-acteurs/},
  urldate      = {03/08/2023},
}

@online{these-malgache-en-ligne,
	title = {Thèse malgache en ligne},
	author = {{Université d'Antananarivo}},
	howpublished = {\url{https://bib.uiv-antananarivo.mg/these2}},
	note = {Thèses souténu dans les 6 Universités de Madagascar dépuis 2002},
	year = {2016},
  urldate = {03/08/2023},
}

@online{stopwords_french,
  title = {French Stopwords},
  url = {https://ranks.nl/stopwords/french},
  note = {Accessed: 03/08/2023},
  author = {{Ranks NL}},
  year = {2023}
}

@online{memoire-online,
  title = {Mémoire Online},
  url = {https://ranks.nl/stopwords/french},
  note = {Accessed: 03/08/2023},
  author = {{Mémoire Online}},
  year = {2023}
}

@online{thedata-scientist-nlp-tutorial,
  author    = {The Data Scientist},
  title     = {Natural Language Processing Data Science Tutorial in Python},
  year      = {Year},
  url       = {https://thedatascientist.com/natural-language-processing-data-science-tutorial-python/},
  note      = {Accessed on 2023-09-08},
}

@online{devopedia-nlp,
  author    = {{Devopedia}},
  title     = {Natural Language Processing},
  year      = {Year},
  url       = {https://devopedia.org/natural-language-processing},
  note      = {Accessed on 2023-09-08},
}